 @ARTICLE{GacsPacking72
  ,AUTHOR = {Peter G\'acs}
  ,TITLE  = {Packing of Convex Sets in the Plane with a Large Number of 
	Neighbors}
  ,JOURNAL = {Acta Mathematica Hungarica}
  ,VOLUME = 23
  ,PAGES = {383-388}
  ,YEAR = 1972
 }


 @ARTICLE{GacsKornComnInf73
  ,AUTHOR = {Peter G\'acs and J\'anos K\"orner}
  ,TITLE  = {Common Information is Far Less than Mutual 
	Information}
  ,JOURNAL = {Problems of Control and Inf. Th.}
  ,VOLUME = 2 
  ,PAGES = {149-162}
  ,YEAR = 1973
 }

 @ARTICLE{GacsHausd73
  ,AUTHOR = {Peter G\'acs}
  ,TITLE  = {Hausdorff-Dimension and Probability Distributions}
  ,JOURNAL = {Periodica Math. Hung.}
  ,VOLUME = 3
  ,PAGES = {59-71}
  ,YEAR = 1973
 }

 @ARTICLE{GacsRandHung73
  ,AUTHOR = {Peter G\'acs}
  ,TITLE  = {On the Concept of Randomness}
  ,JOURNAL = {Magyar Tudomany}
  ,VOLUME = 18
  ,NUMBER = 3
  ,PAGES = {152-159}
  ,YEAR = 1973
  ,NOTE = {In Hungarian.}
 }

 @ARTICLE{GacsSymm74Russ
  ,AUTHOR = {Peter G\'acs}
  ,TITLE  = {On the Symmetry of Algorithmic Information}
  ,JOURNAL = {Doklady Akademii Nauk SSSR}
  ,VOLUME = 218
  ,NUMBER = 6
  ,PAGES = {1265-1267}
  ,YEAR = 1974
  ,NOTE = {In Russian.}
 }

 @ARTICLE{GacsSymm74
  ,AUTHOR = {Peter G\'acs}
  ,TITLE  = {On the Symmetry of Algorithmic Information}
  ,JOURNAL = {Soviet Math. Dokl.}
  ,VOLUME = 15
  ,PAGES = {1477-1780}
  ,YEAR = 1974
  ,NOTE = {Translation of the Russian version.}
 }

 @ARTICLE{GacsPerebHung74
  ,AUTHOR = {Peter G\'acs}
  ,TITLE  = {On Problems Solvable by Exhaustive Search}
  ,JOURNAL = {Szigma}
  ,VOLUME = 7
  ,NUMBER = {1-2}
  ,PAGES = {89-110}
  ,YEAR = 1974
  ,NOTE = {In Hungarian.}
 }

 @ARTICLE{GacsSzaszCox75
  ,AUTHOR = {Peter G\'acs and Domokos Sz\'asz}
  ,TITLE  = {On a Problem of {C}ox concerning Point 
	Processes in $\mathbf{R}^k$ of ``Controlled Variability''}
  ,JOURNAL = {Annals of Probability}
  ,VOLUME = 3
  ,NUMBER = {4}
  ,PAGES = {596-607}
  ,YEAR = 1975
 }

 @ARTICLE{AhlsGacsKornBounds76
  ,AUTHOR = {Rudolph Ahlswede and Peter G\'acs and J\'anos K\"orner}
  ,TITLE  = {Bounds on Conditional Probabilities with Applications
in Multi-User Communication}
  ,JOURNAL = {Z. Wahrsch. Th.}
  ,VOLUME = 34
  ,PAGES = {157-177}
  ,YEAR = 1976
 }

 @ARTICLE{AhlsGacsSpread76
  ,AUTHOR = {Rudolph Ahlswede and Peter G\'acs}
  ,TITLE  = {Spreading of Sets in Product Spaces and Hypercontraction
of the {M}arkov-Operator}
  ,JOURNAL = {Annals of Probability}
  ,VOLUME = 4
  ,PAGES = {925-939}
  ,YEAR = 1976
 }

 @ARTICLE{GacsLovSpect77
  ,AUTHOR = {Peter G\'acs and L\'aszl\'o Lov\'asz}
  ,TITLE  = {Some Remarks on Generalized Spectra}
  ,JOURNAL = {Z. Math. Log. Grdl. M.}
  ,VOLUME = 23
  ,NUMBER = 6
  ,PAGES = {547-554}
  ,YEAR = 1977
 }

 @BOOK{GacsLovAlg78
      ,AUTHOR = {Peter G\'acs and L\'aszl\'o Lov\'asz}
      ,TITLE = {Algorithms}
      ,PUBLISHER = {M\"uszaki K\"onyvkiado}
      ,ADDRESS = {Budapest}
      ,YEAR = 1978
      ,NOTE = {In Hungarian}
 }

 @ARTICLE{GacsKurdLevIslands78Russ
  ,AUTHOR = {Peter G\'acs and Georgii L. Kurdyumov and Leonid A. Levin}
  ,TITLE  = {One-Dimensional Uniform Arrays That Wash Out Finite Islands }
  ,JOURNAL = {Probl. Peredachi Inf.}
  ,VOLUME = 14
  ,NUMBER = 3
  ,PAGES = {92-96}
  ,YEAR = 1978
  ,NOTE = {In Russian.}
 }

 @ARTICLE{GacsKurdLevIslands78
  ,AUTHOR = {Peter G\'acs and Georgii L. Kurdyumov and Leonid A. Levin}
  ,TITLE  = {One-Dimensional Homogenuous Media Dissolving Finite Islands}
  ,JOURNAL = {Problems of Inf. Transm.}
  ,VOLUME = 14
  ,NUMBER = 3
  ,PAGES = {223-226}
  ,YEAR = 1978
  ,NOTE = {Translation of the Russian version.}
 }

  @PHDTHESIS{GacsDiss78
   ,author = {Peter G\'acs}
   ,title = {Complexity and Randomness}
   ,SCHOOL = {J.W. Goethe University}
   ,YEAR = 1978
   ,ADDRESS = {Frankfurt, W.Germany}
   ,NOTE = {In German.}
   }

@incollection {GacsExact80Conf,
  AUTHOR = {Peter G\'acs},
   title = {Exact expressions for some randomness tests},
   booktitle = {Theoretical Computer Science 4th GI Conference},
   series = {Lecture Notes in Computer Science},
   editor = {Weihrauch, K.},
   publisher = {Springer Berlin / Heidelberg},
   isbn = {978-3-540-09118-9},
   keyword = {Computer Science},
   pages = {124-131},
   volume = {67},
   url = {http://dx.doi.org/10.1007/3-540-09118-1_14},
   note = {Conference version of the paper with the same name in Z. Math. Log. Grdl. M.},
   year = {1979}
}

 @ARTICLE{GacsExact80
  ,AUTHOR = {Peter G\'acs}
  ,TITLE  = {Exact Expressions for some Randomness Tests}
  ,JOURNAL = {Z. Math. Log. Grdl. M.}
  ,VOLUME = 26
  ,PAGES = {385-394}
  ,YEAR = 1980
  ,NOTE = {There is an earlier, shorter conference version.}
  }

 @ARTICLE{GacsLovKhach81
  ,AUTHOR = {Peter G\'acs and L\'aszl\'o Lov\'asz}
  ,TITLE  = {Khachian's Algorithm for Linear Programming}
  ,JOURNAL = {Mathematical Programming Study}
  ,VOLUME = 14
  ,PAGES = {61-68}
  ,YEAR = 1981
 }

 @techreport{GacsLevCaus81Techrep
  ,AUTHOR = {Peter G\'acs and Leonid A. Levin}
  ,TITLE  = {Causal Nets or What Is a Deterministic Computation}
  ,institution = {Stanford University}
  ,YEAR = 1980
  ,NOTE = {Preliminary version of the Information and Control paper with the same title.}
 }

 @ARTICLE{GacsLevCaus81Short
  ,AUTHOR = {Peter G\'acs and Leonid A. Levin}
  ,TITLE  = {Causal Nets}
  ,JOURNAL = {Intern. J. Theor. Physics}
  ,VOLUME = 21
  ,NUMBER = {3-4}
  ,PAGES = {6-7}
  ,YEAR = 1982
  ,NOTE = {Short version of the Information and Control paper with the same title.}
 }

 @ARTICLE{GacsLevCaus81
  ,AUTHOR = {Peter G\'acs and Leonid A. Levin}
  ,TITLE  = {Causal Nets}
  ,JOURNAL = {Information and Control}
  ,VOLUME = 51
  ,NUMBER = 1
  ,PAGES = {1-19}
  ,YEAR = 1981
  ,NOTE = {Short version: Intern. J. Theor. Physics.}
 }

 @TECHREPORT{GacsPart81
  ,AUTHOR = {Peter G\'acs}
  ,TITLE  = {Partitioning a Directed Graph into Two Acyclic Subgraphs is 
	{NP}-Complete}
  ,INSTITUTION = {University of Rochester}
  ,ADDRESS = {Rochester, NY.}
  ,YEAR = 1981
  ,NOTE = {Mentioned by D.S.Jonhson in the Journal of Algorithms
($NP$-completeness column).}
 }

 @ARTICLE{GacsRel83
  ,AUTHOR = {Peter G\'acs}
  ,TITLE  = {On the relation between descriptional complexity and 
	algorithmic probability}
  ,JOURNAL = {Theoretical Computer Science}
  ,VOLUME = 22
  ,PAGES = {71-93}
  ,YEAR = 1983
  ,NOTE = {Short version: Proc. 22nd IEEE FOCS (1981) 296-303.}
 }

 @INCOLLECTION{GacsEnc86
  ,AUTHOR = {Peter G\'acs}
  ,TITLE  = {Randomness and probability--complexity of description}
  ,BOOKTITLE = {Encyclopedia of Statistical Sciences, Vol. 7}
  ,PUBLISHER = {Wiley}
  ,ADDRESS = {New York}
  ,PAGES = {551-556}
  ,YEAR = 1986
  ,EDITOR = {Kotz, Samuel and Johnson, Norman L.}
 }

@inproceedings{Gacs1dim86Conf,
 author = {Peter G\'acs},
 title = {Reliable computation with cellular automata},
 booktitle = {Proceedings of the fifteenth annual ACM symposium on Theory of computing},
 series = {STOC '83},
 year = {1983},
 isbn = {0-89791-099-0},
 pages = {32--41},
 numpages = {10},
 url = {http://doi.acm.org/10.1145/800061.808730},
 doi = {10.1145/800061.808730},
 acmid = {808730},
 publisher = {ACM},
 address = {New York, NY, USA},
note = {Conference version of the paper with the same name in JCSS.}
} 

 @ARTICLE{Gacs1dim86
  ,AUTHOR = {Peter G\'acs}
  ,TITLE  = {Reliable computation with cellular automata}
  ,JOURNAL = {Journal of Computer System Science}
  ,VOLUME = 32
  ,NUMBER = {1}
  ,MONTH = {February}
  ,PAGES = {15-78}
  ,YEAR = 1986
  ,note = {Conference version at STOC' 83.}
 }

 @ARTICLE{GacsEvery86
  ,AUTHOR = {Peter G\'acs}
  ,TITLE  = {Every Sequence is {T}uring-Reducible to a Random One}
  ,JOURNAL = {Information and Control}
  ,VOLUME = 70
  ,NUMBER = {2-3}
  ,PAGES = {186-192}
  ,YEAR = 1986
 }

@inproceedings{GacsReif3dim88Conf,
 author = {Peter G\'acs and John  Reif},
 title = {A simple three-dimensional real-time cellular array},
 booktitle = {Proceedings of the seventeenth annual ACM symposium on Theory of computing},
 series = {STOC '85},
 year = {1985},
 isbn = {0-89791-151-2},
 location = {Providence, Rhode Island, United States},
 pages = {388--395},
 numpages = {8},
 url = {http://doi.acm.org/10.1145/22145.22188},
 doi = {10.1145/22145.22188},
 acmid = {22188},
 publisher = {ACM},
 address = {New York, NY, USA},
 note = {Full version in JCSS}
} 

 @ARTICLE{GacsReif3dim88
  ,AUTHOR = {Peter G\'acs and John  Reif}
  ,TITLE  = {A Simple Three-Dimensional Real-Time Reliable Cellular
  Array}
  ,JOURNAL = {Journal of Computer and System Sciences}
  ,VOLUME = 36
  ,NUMBER = 2
  ,MONTH = {April}
  ,PAGES = {125-147}
  ,YEAR = 1988
 ,note = {Short version in STOC '85.}
 }

 @TECHREPORT{GacsLnotesAIT88
  ,AUTHOR = {Peter G\'acs}
  ,TITLE  = {Lecture Notes on Descriptional Complexity and Randomness}
  ,INSTITUTION = {Boston University}
  ,ADDRESS = {Computer Science Dept., Boston, MA 02215}
  ,YEAR = {2009}
  ,NOTE = {www.cs.bu.edu/faculty/gacs/papers/ait-notes.pdf}
 }

 @INCOLLECTION{Gacs2dim89
 ,AUTHOR = {Peter G\'acs}
 ,TITLE = {Self-correcting Two-dimensional Arrays}
 ,BOOKTITLE= {Randomness in Computation}
 ,SERIES = {Advances in Computing Research (a scientific annual)}
 ,VOLUME = 5
 ,EDITOR = {Silvio Micali}
 ,PUBLISHER = {JAI Press}
 ,ADDRESS = {Greenwich, Conn.}
 ,YEAR = {1989}
 ,PAGES = {223-326}
 }

 @ARTICLE{GacsChaitin89
  ,AUTHOR = {Peter G\'acs}
  ,TITLE = {Review of {G}regory {J}. {C}haitin: {A}lgorithmic
  {I}nformation {T}heory}
  ,YEAR = 1989
  ,JOURNAL = {Journal of Symbolic Logic}
  ,volume = 54
  ,number = 2
  ,pages = {624--627}
 }

 @ARTICLE{CovGacsGrayKolm89
  ,AUTHOR = {Thomas M. Cover and Peter G\'acs and Robert M. Gray}
  ,TITLE  = {Kolmogorov's Contributions
to Information Theory and Algorithmic Complexity}
  ,YEAR = 1989
  ,JOURNAL = {The Annals of Probability}
  ,volume = 17
  ,number = 3
  ,pages = {840-865}
 }

 @article{GacsThick89
  ,AUTHOR = {Peter G\'acs}
  ,TITLE  = {A {T}oom Rule that Increases the Thickness of Sets}
  ,journal = {Journal of Statistical Physics}
  ,volume = 59
  ,number = {1/2}
  ,YEAR = 1990
  ,pages = {171--193}
 }

 @inproceedings{GacsDhagatWinkLiar92,
 author = {Aditi Dhagat and Peter G\'acs and Peter Winkler},
 title = {On playing ``Twenty Questions'' with a liar},
 booktitle = {Proceedings of the third annual ACM-SIAM symposium on Discrete algorithms},
 series = {SODA '92},
 year = {1992},
 isbn = {0-89791-466-X},
 location = {Orlando, Florida, United States},
 pages = {16--22},
 numpages = {7},
 url = {http://dl.acm.org/citation.cfm?id=139404.139409},
 acmid = {139409},
 publisher = {Society for Industrial and Applied Mathematics},
 address = {Philadelphia, PA, USA},
note = {Full version: http://www.cs.bu.edu/faculty/gacs/papers/liars.pdf}
} 

 @TECHREPORT{GacsTamaWeigRandGen91
  ,AUTHOR = {Peter G\'acs and Pablo Tamayo and Weiguo Wang}
  ,TITLE = {A Fast Hardware Random Number Generator Using {W}olfram's
Cellular Automaton Rule with Interface to the {CAM}-6 Machine}
  ,INSTITUTION = {Boston University, TR 91-007}
  ,ADDRESS = {Department of Computer Science, Boston, MA 02215}
  ,YEAR = 1991
  ,NOTE = {Work done in 1988}
 }

@INPROCEEDINGS{GacsPrag93
   ,author = {Peter G\'acs}
   ,title = {Fault-Tolerant and Self-Organizing Cellular Automata}
   ,BOOKTITLE = {Phase Transitions: Mathematics, Physics, Biology
$\ldots$: proceedings of the Workshop held in Prague, June 1-5, 1992}
   ,year =  1993
   ,pages = {97-107}
   ,editor = {R.~Kotecky}
   ,publisher = {World Scientific, Singapore}
   ,address = {Singapore}
}

 @ARTICLE{GacsGal94
  ,AUTHOR = {Peter G\'acs and Anna G\'al}
  ,TITLE  = {Lower Bounds for the Complexity of Reliable Boolean
Circuits with Noisy Gates}
  ,JOURNAL = {IEEE Transactions on Information Theory}
  ,VOLUME = {40}
  ,PAGES = {579-583}
  ,YEAR = 1994
 }

 @inproceedings{GacsBoltzmann94
  ,AUTHOR = {Peter G\'acs}
  ,TITLE  = {The {B}oltzmann Entropy and Randomness Tests}
  ,booktitle = {Proceedings of the Workshop on Physics and
Computation}
  ,YEAR = 1994
  ,pages = {209-216}
  ,publisher = {IEEE Computer Society Press}
  ,note = {Full version: http://www.cs.bu.edu/faculty/gacs/papers/ent-paper.pdf}
 }

 @TECHREPORT{GacsToom95
  ,AUTHOR = {Peter G\'acs}
  ,TITLE  = {A New Version of {T}oom's Proof}
  ,INSTITUTION = {Department of Computer Science, Boston University,
		  TR 95-009}
  ,ADDRESS = {Boston, MA 02215}
  ,YEAR = 1995
 ,note = {www.cs.bu.edu/faculty/gacs/papers/toom-proof.pdf}
}

 @article{GacsCommut95,
  AUTHOR = {Peter G\'acs},
  TITLE  = {Deterministic Computations Whose History is
		  Independent of the Order of Updating},
  YEAR = 1995,
  journal = {ArXiv e-prints},
archivePrefix = "arXiv",
 primaryClass = "cs.DC",
   eprint = {1204.2931},
  NOTE = {also www.cs.bu.edu/faculty/gacs/papers/commut.pdf}
  }

 @TECHREPORT{GacsInfoLoss96
  ,AUTHOR = {Peter G\'acs and Kihong Park}
  ,TITLE  = {Information Loss in simple One-Dimensional Cellular Automata}
  ,INSTITUTION = {Boston University}
  ,ADDRESS = {Department of Computer Science, Boston, MA 02215}
  ,YEAR = 1996
  ,NOTE = { }
  }

@INPROCEEDINGS{GacsSorg01Conf, 
author={Peter G\'acs}, 
booktitle={Foundations of Computer Science, 1997. Proceedings., 38th Annual Symposium on}, 
title={Reliable cellular automata with self-organization}, 
year={1997}, 
month={oct}, 
volume={}, 
number={}, 
pages={90 -99}, 
keywords={Gibbs states;cellular automata;ergodicity;error-correction;fault tolerance;fault-tolerant cellular automaton;interacting particle system;noisy cellular automaton;probabilistic cellular automata;reliability;renormalization;self organization;self-organization;cellular automata;fault tolerant computing;probabilistic automata;self-adjusting systems;}, 
doi={10.1109/SFCS.1997.646097}, 
ISSN={0272-5428},
note = {Short version of the paper in JSP.}
}

 @article{GacsSorg01
  ,AUTHOR = {Peter G\'acs}
  ,TITLE  = {Reliable Cellular Automata with Self-Organization}
  ,journal = {Journal of Statistical Physics}
  ,volume = 103
  ,number = {1/2}
  ,pages = {45--267}
  ,YEAR = 2001
  ,month = {April}
  ,NOTE = {See also arXiv:math/0003117 [math.PR] and the proceedings
                  of STOC '97.}
 }

@inproceedings{InfoDist98Conf,
 author = {Charles H.~Bennett and Peter G\'acs and Ming Li and Paul
                  M.~B.~Vit\'anyi and Woiciech Zurek},
 title = {Thermodynamics of computation and information distance},
 booktitle = {Proceedings of the twenty-fifth annual ACM symposium on Theory of computing},
 series = {STOC '93},
 year = {1993},
 isbn = {0-89791-591-7},
 location = {San Diego, California, United States},
 pages = {21--30},
 numpages = {10},
 url = {http://doi.acm.org/10.1145/167088.167098},
 doi = {10.1145/167088.167098},
 acmid = {167098},
 publisher = {ACM},
 address = {New York, NY, USA},
note = {Full version is "Information Distance" in IEEE Trans. Inf. Th.}
} 

@article{InfoDist98
   ,author = {Charles H.~Bennett and Peter G\'acs and Ming Li and Paul
                  M.~B.~Vit\'anyi and Woiciech Zurek}
   ,title = {Information Distance}
   ,journal = {IEEE Transactions on Information Theory}		  
   ,VOLUME = {44}		  
   ,year =  1998
   ,number = {4}		  
   ,pages = {1407-1423}		  
   ,note = {Preliminary version appeared in STOC' 97, arXiv:1006.3520}
  }

@article{GacsClairv99
   ,author = {Peter G\'acs}
   ,title = {The Clairvoyant Demon Has a Hard Task}
   ,journal = {Combinatorics, Probability and Computing}		  
   ,VOLUME = {9}		  
   ,year = {2000}
   ,number = {}		  
   ,pages = {421--424}		  
   ,note = {arXiv:math/0302059 [math.PR]}
  }

@incollection {GacsTrompVitAlgorStat00Conf,
   author = {Peter G\'acs and John Tromp and Paul M.~B.~Vit\'anyi},
   affiliation = {Computer Science Department, Boston University, 02215 MA Boston, USA},
   title = {Towards an Algorithmic Statistics},
   booktitle = {Algorithmic Learning Theory},
   series = {Lecture Notes in Computer Science},
   editor = {Arimura, Hiroki and Jain, Sanjay and Sharma, Arun},
   publisher = {Springer Berlin / Heidelberg},
   isbn = {978-3-540-41237-3},
   keyword = {Computer Science},
   pages = {41-55},
   volume = {1968},
   url = {http://dx.doi.org/10.1007/3-540-40992-0_4},
   year = {2000},
  note = {Full version with similar title in IEEE Trans. Inf. Th.}
}

 @article{GacsTrompVitAlgorStat00
  ,AUTHOR = {Peter G\'acs and John Tromp and Paul M.~B.~Vit\'anyi}
  ,TITLE  = {Algorithmic Statistics}
  ,YEAR = 2001
  ,journal = {IEEE Transactions on Information Theory}
  ,NOTE = {arXiv:math/0006233 [math.PR]. Short version with similar title in Algorithmic Learning Theory, LNCS 1968/2000}
  ,volume = 47
  ,pages = {2443--2463}
  }

 @article{GacsQuantAlgorEntr00,
  author = 	 {Peter G\'acs},
  title = 	 {Quantum Algorithmic Entropy},
  journal = {J. Phys. A: Math. Gen.},
  volume = 34,
  pages = {6859-6880},
  year = 	 2001,
  note =  {See also arXiv:quant-ph/0011046},
 }

@inproceedings{GacsChat04Conf,
 author = {Peter G\'acs},
 title = {Compatible sequences and a slow {W}inkler percolation},
 booktitle = {Proceedings of the thirty-third annual ACM symposium on Theory of computing},
 series = {STOC '01},
 year = {2001},
 isbn = {1-58113-349-9},
 location = {Hersonissos, Greece},
 pages = {694--703},
 numpages = {10},
 url = {http://doi.acm.org/10.1145/380752.380874},
 doi = {10.1145/380752.380874},
 acmid = {380874},
 publisher = {ACM},
 address = {New York, NY, USA},
 keywords = {dependent percolation, distributed computing, scheduling},
 note = {Full version in Combinatorics, Probability and Computing.}
} 

 @article{GacsChat04
  ,AUTHOR = {Peter G\'acs}
  ,TITLE  = {Compatible Sequences and a Slow {W}inkler Percolation}
  ,journal = {Combinatorics, Probability and Computing}
  ,volume  = 13
  ,number = 06
  ,year = 2004
  ,month = {november}
  ,pages = {815-856}
  ,NOTE = {arXiv:math/0011008 [math.PR]. Extended abstract: STOC '01.}
 }

@inproceedings{GacsWalks01Conf,
 author = {Peter G\'acs},
 title = {Clairvoyant scheduling of random walks},
 booktitle = {Proceedings of the thiry-fourth annual ACM symposium on Theory of computing},
 series = {STOC '02},
 year = {2002},
 isbn = {1-58113-495-9},
 location = {Montreal, Quebec, Canada},
 pages = {99--108},
 numpages = {10},
 url = {http://doi.acm.org/10.1145/509907.509925},
 doi = {10.1145/509907.509925},
 acmid = {509925},
 publisher = {ACM},
 address = {New York, NY, USA},
 keywords = {dependent percolation, distributed computing, scheduling},
note= {Full version in Random Structures and Algorithms.}
} 


 @INCOLLECTION{GacsInfAlgHu05
 ,AUTHOR = {Peter G\'acs}
 ,TITLE = {Reliable Computation (chapter)}
 ,BOOKTITLE= {Algorithms in Informatics}
 ,SERIES = {}
 ,VOLUME = 2
 ,EDITOR = {Antal Iv\'anyi}
 ,PUBLISHER = {ELTE E\"otv\"os Kiad\'o}
 ,ADDRESS = {Budapest}
 ,YEAR = {2005}
 ,PAGES = {}
 ,NOTE = {ISBN: 9634637752.  Hungarian printed version.
Electronic version also in English: www.cs.bu.edu/faculty/gacs/papers/iv-eng.pdf}
 }

@article{GacsUnif05
   ,author = {Peter G\'acs}
   ,title = {Uniform Test of Algorithmic Randomness over a General Space}
   ,journal = {Theoretical Computer Science}		  
   ,VOLUME = {341}	 	  
   ,year = {2005}
   ,number = {1-3}		  
   ,pages = {91-137}		  
  }

 @article{GacsAngel06,
  AUTHOR = {Peter G\'acs},
  TITLE  = {The Angel Wins},
  YEAR = 2006,
  journal = {ArXiv e-prints},
archivePrefix = "arXiv",
 primaryClass = "math.CO",
   eprint = {0706.2817}
  }

 @TECHREPORT{3Dasync09
  ,AUTHOR = {Matthew Cook and Peter G\'acs and Erik Winfree}
  ,TITLE  = {Self-Stabilizing Synchronization in 3 Dimensions (Draft)}
  ,INSTITUTION = {Boston University}
  ,ADDRESS = {Department of Computer Science, Boston, MA 02215}
  ,YEAR = 2009
  ,NOTE = {www.cs.bu.edu/faculty/gacs/papers/3Dasync.pdf}
  }

@article{GacsHoyrupRojas10
   ,author = {Peter G{\'a}cs and Mathieu Hoyrup and Crist{\'o}bal Rojas}
   ,affiliation = {Boston University Computer Science Department 111 Cummington Street Boston MA 02215-2411 USA}
   ,title = {Randomness on Computable Probability Spaces - A Dynamical Point of View}
   ,year =  {2011}
   ,journal = {Theory of Computing Systems}
   ,volume = 48
   ,publisher = {Springer New York}
   ,issn = {1432-4350}
   ,pages = {465-485}
   ,url = {http://dx.doi.org/10.1007/s00224-010-9263-x}
   ,note = {10.1007/s00224-010-9263-x, arXiv:0902.1939.  Appeared also in STACS 2009.}
   ,annote = {Keywords: Schnorr randomness, Birkhoff's ergodic theorem, Computable measures}
}

 @TECHREPORT{GacsConstrLLN09
  ,AUTHOR = {Peter G\'acs}
  ,TITLE  = {Constructive Versions of Some Theorems in Probability Theory}
  ,INSTITUTION = {Boston University}
  ,ADDRESS = {Department of Computer Science, Boston, MA 02215}
  ,YEAR = 2009
  ,PAGES = {1-11}
  ,NOTE = {www.cs.bu.edu/faculty/gacs/papers/constr-prob.pdf. Session on Logic and
Analysis at the Joint Mathematics Meeting, New Orleans, January 2010.}
  }

@article{GacsVitanyiSolomonoffObit10
   ,author = {Peter G\'acs and Paul M.~B.~Vit\'anyi}
   ,title = {Raymond {J}. {S}olomonoff 1926-2009}
   ,journal = {IEEE Information Theory Society Newsletter}		  
   ,VOLUME = {61}	 	  
   ,year = {2011}
   ,number = {1}		  
   ,pages = {11-16}		  
  }

@article{GacsWalks11
  ,AUTHOR = {Peter G\'acs}
  ,TITLE  = {Clairvoyant Scheduling of Random Walks}
  ,journal = {Random Structures and Algorithms}
  ,volume = 39
  ,number = 4
  ,pages = {413-485}
  ,YEAR = {2011}
  ,NOTE = {{arXiv/math:0109152 [math.PR]}, {www.cs.bu.edu/faculty/gacs/papers/walks.pdf}.
Short version in STOC '02.}
  }

 @article{Classes11
 ,AUTHOR = {Laurent Bienvenu and Peter G\'acs and Mathieu Hoyrup and Crist\'obal Rojas and Alexander Shen}
 ,TITLE = {Randomness with respect to a class of measures}
 ,journal = {Proceedings of the Steklov Institute of Mathematics}
 ,VOLUME =274
 ,number = 1 
 ,PUBLISHER = {Springer Verlag}
 ,ADDRESS = {New York}
 ,YEAR = {2011}
 ,PAGES = {34-89}
 ,NOTE = {In English and Russian, also in arXiv:1103.1529}
 }

@incollection {burstyTuring12Conf,
   author = {Ilir \c{C}apuni and Peter G\'acs},
   affiliation = {Department of Computer Science, Boston University, 111 Cummington str, 02215 Boston, USA},
   title = {A {T}uring Machine Resisting Isolated Bursts of Faults},
   booktitle = {SOFSEM 2012: Theory and Practice of Computer Science},
   series = {Lecture Notes in Computer Science},
   editor = {Bielikov\'a, M\'aria and Friedrich, Gerhard and Gottlob, Georg and Katzenbeisser, Stefan and Tur\'an, Gy\"orgy},
   publisher = {Springer Berlin / Heidelberg},
   isbn = {978-3-642-27659-0},
   keyword = {Computer Science},
   pages = {165-176},
   volume = 7147,
   url = {http://dx.doi.org/10.1007/978-3-642-27660-6_14},
   note = {Full version in arXiv:1203.1335.},
   year = 2012
}

 @article{Embed12,
 AUTHOR = {Peter G\'acs},
 TITLE = {Clairvoyant embedding in one dimension},
  YEAR = 2012,
  PAGES = {1-48},
  journal = {ArXiv e-prints},
archivePrefix = "arXiv",
   eprint = {1204.4897},
 primaryClass = "math.PR",
 }



