@inproceedings{AharonovBenOrStoc97
   ,author = {Dorit Aharonov, Michael Ben-Or}
   ,title = {Fault-Tolerant Quantum Computation with Constant Error}
   ,booktitle = "Proc.~29-th ACM Symp.~Th.~of Computing"
   ,year = 1997
   ,pages = {176-188}
   }

 @ARTICLE{AizenIsing80
  ,AUTHOR = {Michael Aizenman}
  ,TITLE  = {Translation Invariance and Instability of Phase
Coexistence in the Two-Dimensional {I}sing System}
  ,JOURNAL = {Comm. Math. Phys}
  ,VOLUME = 73
  ,number = 1		  
  ,PAGES = {83-94}
  ,YEAR = 1980
 }

 @ARTICLE{AKMSort83,
  AUTHOR = {Mikl\'os Ajtai and J\'anos Koml\'os and Endre Szemer\'edi},
  TITLE  = {Sorting in $c\log n$ parallel steps}, 
  JOURNAL = {Combinatorica},
  VOLUME = 3,
  PAGES = {1-19},
  YEAR = 1983,
 }

 @ARTICLE{AlonMilman85,
  AUTHOR = {Noga Alon and V. D. Milman},
  TITLE  = {$\lambda_{1}$, Isoperimetric Inequalities for Graphs and
 Superconcentrators}, 
  JOURNAL = {J. Combinatorial Theory Ser. B},
  VOLUME = 38,
  PAGES = {73-88},
  YEAR = 1985,
 }

 @ARTICLE{AlonEigenExp86,
  AUTHOR = {Alon, Noga},
  TITLE  = {Eigenvalues and Expanders}, 
  JOURNAL = {Combinatorica},
  VOLUME = 6,
  PAGES = {83-96},
  YEAR = 1986,
 }

 @ARTICLE{AlonChung88,
  AUTHOR = {Alon, Noga and F. R. K. Chung},
  TITLE  = {Explicit Constructions of Linear-Sized Tolerant Networks}, 
  JOURNAL = {Discrete Mathematics},
  VOLUME = 72,
  PAGES = {15-19},
  YEAR = 1988,
 }

 @book{AlonSpencerErdosProbMeth92
  ,AUTHOR = {Noga Alon and Joel H. Spencer and Paul Erd\H os}
  ,TITLE  = {The Probabilistic Method}
  ,YEAR = 1992
  ,publisher = {John Wiley \& Sons}
  ,address = {New York}
 }

@inproceedings{AroraLeigMaggsOnliNonbl90
   ,author = {Sanjeev Arora and Thomas Leighton and Bruce Maggs}
   ,title = {On-line Algorithms for Path Selection in a Nonblocking 
		  Network}
   ,booktitle = {Proc. ACM Symp. Th. of Computing}
   ,year = 1990
   ,pages = {149-158}
   }

 @article{BalBollobStacCperc99
  ,AUTHOR = {Balister, P.N. and Bollob\'as, B. and Stacey, A.N.}
  ,TITLE  = {Dependent Percolation in Two Dimensions}
  ,JOURNAL = {Probab. Theory Relat. Fields}
  ,VOLUME = 117
  ,YEAR = 2000
  ,NUMBER = 4
  ,PAGES = {495--513}
  ,NOTE = {}
 }

 @book{BarabasiStanleyFractalBook95
  ,AUTHOR = {A.L. Barab\'asi and H.E. Stanley}
  ,TITLE  = {Fractal Concepts of Surface Growth}
  ,YEAR = 1995
  ,publisher = {Cambridge University Press}
  ,address = {Cambridge}
 }

@ARTICLE{BasuSly12,
   author = {{Basu}, R. and {Sly}, A.},
    title = "{Lipschitz embeddings of random sequences}",
  journal = {ArXiv e-prints},
  pages = {1-46},
archivePrefix = "arXiv",
   eprint = {1204.2931},
 primaryClass = "math.PR",
 keywords = {Mathematics - Probability, Mathematics - Combinatorics},
     year = 2012,
    month = apr,
   adsurl = {http://adsabs.harvard.edu/abs/2012arXiv1204.2931B},
  adsnote = {Provided by the SAO/NASA Astrophysics Data System}
}

@misc{SlyEmail13feb,
   author = {Allan Sly},
    title = {Email communication},
     year = 2013,
    month = feb
}

@Article{Benioff82,
  AUTHOR = {Paul A. Benioff},
  TITLE = {Quantum mechanical {H}amiltonian models of discrete processes
that erase their histories: applications to {T}uring machines},
  JOURNAL = {Int'l J. Theoret. Physics},
  VOLUME = {21},
  YEAR = {1982},
  PAGES = {177-202},
}

@Article{Benioff86,
  AUTHOR = {Paul A. Benioff},
  TITLE = {Quantum mechanical Hamiltonian models of computers},
  JOURNAL = {Ann. New York Acad. Sci.},
  VOLUME = {480},
  YEAR = {1986},
  PAGES = {475-486},
}

 @Article{BennettDissip79
  ,AUTHOR = {Charles H. Bennett}
  ,TITLE = {Dissipation-Error Tradeoff in Proofreading}
  ,JOURNAL = {BioSystems}
  ,VOLUME = {11}
  ,YEAR = {1979}
  ,PAGES = {85-90}
 }

 @Article{BennettLandauer85,
  AUTHOR = {C.H. Bennett and R. Landauer},
  TITLE = {The Fundamental Physical Limits of Computation},
  JOURNAL = {Scientific American},
  YEAR = {1985},
  MONTH = {July},
  PAGES = {48-56},
 }

@ARTICLE{BennGriIrrev85
 ,AUTHOR = {Charles H. Bennett and Geoffrey Grinstein}
 ,TITLE = {Role of Irreversibility in Stabilizing Complex and Nonergodic
		  Behavior in Locally Interacting Discrete Systems}
 ,JOURNAL = {Physical Review Letters}
 ,VOLUME = 55
 ,PAGES = {657-660}
 ,YEAR = 1985
}

@ARTICLE{BennFound86
 ,AUTHOR = {Charles H. Bennett}
 ,TITLE  = {On the Nature and Origin of Complexity in Discrete,
Homogenous, Locally-Interacting Systems}
 ,JOURNAL = {Foundations of Physics}
 ,VOLUME = 16
 ,PAGES = {585-592}
 ,YEAR = 1986
}

 @ARTICLE{BennNat90
  ,AUTHOR = {Bennett, Charles H.}
  ,TITLE  = {Undecidable Dynamics}
  ,JOURNAL = {Nature}
  ,VOLUME = 346
  ,PAGES = {606-607}
  ,YEAR = 1990
 }

 @ARTICLE{BennPhyA90
  ,AUTHOR = {Bennett, Charles H}
  ,TITLE  = {Dissipation, Anisotropy and the Stabilization of Computationally 
Complex States of Homogenous Media}
  ,JOURNAL = {Physica A}
  ,VOLUME = 163
  ,PAGES = {393-397}
  ,YEAR = 1990
 }

 @ARTICLE{BenGriHeJayMuk90
  ,AUTHOR = {Bennett, Charles H. and Grinstein, G. and He, Yu and
Jayaprakash, C. and Mukamel, David}
  ,TITLE = {Stability of Temporally Periodic States of Classical
Many-Body Systems}
  ,JOURNAL = {Physical Review A}
  ,VOLUME = 41
  ,PAGES = {1932-1935}
  ,YEAR = 1990
 }

@inproceedings{BenGoldWig88
   ,author = "Ben-Or, Michael and Goldwasser, Shafi and Wigderson, Avi"
   ,title = "Completeness Theorems for Non-Cryptographic
Fault-Tolerant Distributed Computation"
   ,booktitle = "Proc.\ 20-th ACM Symp.\ Th.\ of Computing"
   ,year = "1988"
   ,pages = "1-10"
   }

 @book{BerlConwGuy82
  ,AUTHOR = {E. R. Berlekamp and J. H. Conway and R. K. Guy}
  ,TITLE  = {Winning Ways For Your Mathematical Plays}
  ,YEAR = 1982
  ,publisher = {Academic Press}
  ,address = {New York}
 }

@inproceedings{BermSim88,
   author = "Berman, Piotr and Simon, Janos"
  ,title = "Investigations of Fault-Tolerant Networks of Computers"
  ,booktitle = "Proc. of the 20-th Annual ACM Symp. on the Theory of
Computing"
  ,year = "1988"
  ,pages = "66-77"
   }

 @ARTICLE{BezuidenhoutGrimmett90
  ,AUTHOR = {C. Bezuidenhout and G. Grimmett}
  ,TITLE = {The Critical Contact Process Dies Out}
  ,JOURNAL = {Annals of Probability}
  ,VOLUME = {18}
  ,PAGES = {1462-1482}
  ,YEAR = {1990}
 }

 @book{Biggs74
  ,AUTHOR = {N. Biggs}
  ,TITLE  = {Algebraic Graph Theory}
  ,YEAR = 1974
  ,publisher = {Cambridge University Press}
  ,address = {London, UK}
 }

 @book{Blahut83
  ,AUTHOR = {R. E. Blahut}
  ,TITLE  = {Theory and Practice of Error-Control Codes}
  ,YEAR = 1983
  ,publisher = {Addison-Wesley}
  ,address = {Reading, MA}
 }

 @ARTICLE{Bohr87
  ,AUTHOR = {Tomas Bohr and G. Grinstein and Yu He and C. Jayaprakash}
  ,TITLE = {Coherence, Chaos and Broken Symmetry in Classical
Many-Body Dynamical Systems}
  ,JOURNAL = {Physical Review Letters}
  ,VOLUME = 58
  ,number = 21
  ,month = may
  ,PAGES = {2155-2159}
  ,YEAR = 1987
 }

 @ARTICLE{BenderCanfield78
  ,AUTHOR = {E. Bender and R. Canfield}
  ,TITLE = {The asymptotic number of labeled graphs with given degree sequences}
  ,JOURNAL = {Combinatorial Theory Series A.}
  ,VOLUME = 24
  ,PAGES = {296--307}
  ,YEAR = 1978
 }

@InProceedings{Boppana87,
title={Eigenvalues and Graph Bisection: An Average-Case Analysis
(Extended Abstract)},
author={Boppana, Ravi B.},
pages={280--285},
crossref={FOCS28},
source={http://theory.lcs.mit.edu/~dmjones/FOCS/focs.bib}
}

 @incollection{BramsonGray91
   ,author = {Maury Bramson and Lawrence F. Gray}
   ,title = {A Useful Renormalization Argument}
   ,booktitle = {Random Walks, Brownian Motion and Interacting Particle Systems}
   ,editor = {Richard Durrett and Harry Kesten}
   ,year = 1991
   ,pages = {113-152}
   ,publisher= {Birkh\"auser, Boston}
   }

@inproceedings{breslau99web,
  author = "L. Breslau and P. Cao and L. Fan and G. Phillips and S. Shenker",
  title = "Web Caching, and Zipf-like Distributions: Evidence, and Implications",
  booktitle = {Proceedings of IEEE INFOCOM, 1999},
  year = "1999"
 }

 @ARTICLE{BunimovichSinaiSptmChaos88
  ,AUTHOR = {L. A. Bunimovich and Ya. G. Sinai}
  ,TITLE = {Spacetime Chaos in Coupled Map Lattices}
  ,JOURNAL = {Nonlinearity}
  ,VOLUME = 1
  ,PAGES = {491-516}
  ,YEAR = 1988
 }

@inproceedings{CapalboReingoldVadhanWigd02,
  author = "Michael Capalbo and Omer Reingold and Salil Vadhan and Avi Wigderson",
  title = "Randomness Conductors and Constant-Degree Lossless Expanders",
  booktitle = {Proceedings of the 34th ACM Symposium on Theory of Computing},
  year = "2002",
  pages = "659-668"
 }

 @PHDTHESIS{CapuniThesis12,
  AUTHOR = {Ilir \c{C}apuni},
  TITLE  = {A Fault-Tolerant Turing Machine},
  SCHOOL = {Boston University},
  ADDRESS = {Boston, MA 02215},
  YEAR = 2012,
  NOTE = { }
 }

 @ARTICLE{ChoiRuskaiSeneta94
  ,AUTHOR = {Choi, Man-Duen and Ruskai, Mary Beth and Seneta, Eugene}
  ,TITLE = {Equivalence of Certain Entropy-Contraction Coefficients}
  ,JOURNAL = {Linear Algebra and Applications}
  ,VOLUME = 208
  ,PAGES = {29-36}
  ,YEAR = 1994
 }

 @ARTICLE{CopperTetWink93
  ,AUTHOR = {Coppersmith, D. and Tetali, P. and Winkler, P.}
  ,TITLE = {Collisions Among Random Walks on a Graph}
  ,JOURNAL = {SIAM J. Discrete Math}
  ,VOLUME = 6
  ,PAGES = {363-374}
  ,NUMBER = 3
  ,YEAR = 1993
 }


 @book{CsiszarKorner81
  ,AUTHOR = {Imre Csisz\'ar and J\'anos K\"orner}
  ,TITLE  = {Information Theory -- Coding Theorems for Discrete 
Memoryless Channels}
  ,YEAR = 1981
  ,publisher = {Academic Press}
  ,address = {New York, NY, USA}
 }

 @ARTICLE{Cook04
  ,AUTHOR = {Cook, Matthew}
  ,TITLE  = "Universality in Elementary Cellular Automata"
  ,JOURNAL = "Complex Systems"
  ,VOLUME = 15
  ,PAGES = "1-40"
  ,YEAR = 2004
 }

 @ARTICLE{DeSaMaes92
  ,AUTHOR = {de S\'a, Paula Gonzaga and Maes, Christian}
  ,TITLE  = "The {G}\'acs-{K}urdyumov-{L}evin {A}utomaton Revisited"
  ,JOURNAL = "Journal of Statistical Physics"
  ,VOLUME = 67
  ,NUMBER = {3/4}
  ,PAGES = "607-622"
  ,YEAR = 1992
  ,Month = May
 }

 @ARTICLE{DijkstraDining71
  ,AUTHOR = {E. W. Dijkstra}
  ,TITLE  = {Hiearchical Ordering of Sequential Processes}
  ,JOURNAL = {Acta Informatica}
  ,VOLUME = 1
  ,PAGES = {115--138}
  ,YEAR = 1971
 }

 @ARTICLE{DobrOrtyLo77
  ,AUTHOR = "Dobrushin, R. L. and Ortyukov, S. I."
  ,TITLE  = "Lower Bound for the Redundancy of Self-Correcting Arrangements
of Unreliable Functional Elements"
  ,JOURNAL = "Problems of Information Transmission"
  ,VOLUME = 13
  ,PAGES = "59-65"
  ,YEAR = 1977
 }

 @ARTICLE{DobrOrtyUp77
 ,AUTHOR = "Dobrushin, R. L. and Ortyukov, S. I."
 ,TITLE  = "Upper Bound on the 
        Redundancy of Self-Correcting Arrangements of Unreliable 
        Elements"
 ,JOURNAL = "Problems of Information Transmission"
 ,VOLUME = 13
 ,NUMBER = 3
 ,PAGES = "201-208"
 ,YEAR = 1977
 }

 @ARTICLE{DurandRomashShenTiling12
   ,author = {Bruno Durand and Andrei Romashchenko and Alexander Shen}
   ,title = {Fixed-point tile sets and their applications}
   ,journal = {Journal of Computer and System Sciences}
   ,volume = 78
   ,number = 3
   ,year =  2012
   ,pages = {731-764}
   }

 @ARTICLE{Dobrushin3dim72
 ,AUTHOR = "Dobrushin, R. L."
 ,TITLE  = { }
 ,JOURNAL = "Theor. Prob. Appl."
 ,VOLUME = 17
 ,PAGES = "582"
 ,YEAR = 1972
 }

 @TECHREPORT{DworkPelPipUpf88
  ,AUTHOR = "Dwork, Cynthia and Peleg, David and Pippenger, Nicholas 
 and Upfal, Eli"
  ,TITLE  = "Fault Tolerance in Networks of Bounded Degree"
  ,INSTITUTION = "IBM Almaden Research Center"
  ,ADDRESS = "San Jose, CA 95120"
  ,YEAR = 1988
  ,NOTE = "Preprint."
 }

@Article{FarmerEtAl93,
  author = 	"W. M. Farmer and J. D. Guttman and F. J. Thayer",
  title = 	"{\sc imps}: an {I}nteractive {M}athematical {P}roof {S}ystem",
  journal = 	"Journal of Automated Reasoning",
  year = 	"1993",
  volume = 	"11",
  OPTnumber = 	"2",
  pages = 	"213-248",
  OPTmonth = 	"October",
  patron =      "Farmer"
}

@Article{Feynmann82,
AUTHOR = {R.P. Feynman},
TITLE = {Simulating physics with computers},
JOURNAL = {Int'l J. Theoret. Physics},
VOLUME = {21},
YEAR = {1982},
PAGES = {467-488},
}

@Article{Feynmann85,
AUTHOR = {R.P. Feynman},
TITLE = {Quantum mechanical computers},
JOURNAL = {Optics News},
VOLUME = {11},
YEAR = {1985},
PAGES = {11},
}

 @ARTICLE{Ferrari88
  ,AUTHOR = {Pablo A. Ferrari and Joel L. Lebowitz and Christian Maes}
  ,TITLE  = {On the Positivity of Correlations in Nonequilibrium Spin
Systems}
  ,JOURNAL = {Journal of Statistical Physics}
  ,VOLUME = 53
  ,number = {1/2}
  ,PAGES = {295-306}
  ,YEAR = 1988
 }

@article{FredkinToffoli82,
AUTHOR = {E. Fredkin and T. Toffoli},
TITLE = {Conservative logic},
JOURNAL = {Int'l J. Theoret. Physics},
VOLUME = {21},
NUMBER = {3/4},
PAGES = {219-253},
YEAR = {1982},
}

@article{FrischHasslacherPomeau86,
AUTHOR = {U. Frisch and B. Hasslacher and Y. Pomeau},
TITLE = {" "},
JOURNAL = {Physical Review Letters},
VOLUME = {56},
PAGES = {1505},
YEAR = {1986},
}

 @book{Gallag63
  ,AUTHOR = {Gallager, R. G.}
  ,TITLE  = {Low-Density Parity-Check Codes}
  ,YEAR = 1963
  ,publisher = {MIT Press}
  ,address = {Cambridge, Mass.}
 }

 @ARTICLE{GabberGalil81
  ,AUTHOR = {O. Gabber and Z. Galil}
  ,TITLE  = {Explicit Constructions of Linear-Sized Superconcentrators}
  ,JOURNAL = {J. Comp. and Sys. Sci.}
  ,VOLUME = 22
  ,PAGES = {407-410}
  ,YEAR = 1981
 }

 @ARTICLE{GalperinEroder76
  ,AUTHOR = {Gregory A. Galperin}
  ,TITLE  = {One-dimensional Networks of Automata with Monotonic Local
		  Interaction} 
  ,JOURNAL = {Problemi Peredachi Informatsii}
  ,VOLUME = 12
  ,NUMBER = 4
  ,PAGES = {74-87}
  ,YEAR = 1976
  ,note = {In Russian.  English translation in Problems of Information
		  Transmission} 
 }

 @TECHREPORT{GalSzegedy95
  ,AUTHOR = {Anna G\'al and Mario Szegedy}
  ,TITLE  = {Fault-Tolerant Circuits and Probabilistically Checkable Proofs}
  ,INSTITUTION = {Technical Report, Department of Computer Science,
University of Chicago}
  ,ADDRESS = {Chicago, IL 60637}
  ,YEAR = 1995
 }

 @ARTICLE{GKLMEquil86
  ,AUTHOR = {Sheldon Goldstein and Roelof Kuik and Joel L. Lebowitz and
		  Christian Maes}
  ,TITLE = {From {PCA}'s to Equilibrium Systems and Back}
  ,JOURNAL = {Commun. Math. Phys.}
  ,VOLUME = 125
  ,PAGES = {71-79}
  ,YEAR = 1989
 }

 @ARTICLE{GGM86
  ,AUTHOR = {Oded Goldreich and Shafi Goldwasser and Silvio Micali}
  ,TITLE = {How to Construct Random Functions}
  ,JOURNAL = {Journal of the Association for Computing Machinery}
  ,VOLUME = 33
  ,NUMBER = 4
  ,PAGES = {792-807}
  ,YEAR = 1986
 }

@inproceedings{GoldwasserRothblumLeakageFocs12,
  author = {Shafi Goldwasser and Guy Rothblum},
  title = {How to Compute in the Presence of Leakage},
  booktitle = {Proceedings of the 53rd Annual Symposium on the Foundations of Computer Science (FOCS)},
  year = {2012},
  pages = {31-40}
 }


 @ARTICLE{Gray82
  ,AUTHOR = {Gray, Lawrence F.}
  ,TITLE  = {The Positive Rates Problem for Attractive Nearest
Neighbor Spin Systems on $\mathbb{Z}$}
  ,JOURNAL = {Z.\ Wahrscheinlichkeitstheorie verw.\ Gebiete}
  ,VOLUME = 61
  ,PAGES = {389-404}
  ,YEAR = 1982
 }

 @incollection{Gray87
   ,author = "Gray, Lawrence F."
   ,title = "The Behavior of Processes with Statistical Mechanical Properties"
   ,booktitle = {Percolation Theory and Ergodic Theory of Infinite
Particle Systems}
   ,editor = {Harry Kesten}
   ,year = 1987
   ,pages = "131-167"
   ,publisher= {Springer Verlag}
   }

 @incollection{Gray99
   ,author = {Gray, Lawrence F.}
   ,title = {Toom's Stability Theorem in Continuous Time}
   ,booktitle = {Perplexing Problems in Probability}
   ,editor = {Harry Kesten and Maury Bramson and Rick Durrett}
   ,year = 1999
   ,pages = {331-353}
   ,publisher= {Birkh\"auser}
   ,address = {Boston}
   }

 @incollection{GrimmettThreeProblems09
  ,AUTHOR = {Grimmett, Geoffrey R.}
  ,TITLE = {Three Problems for the Clairvoyant Demon}
  ,booktitle = {Probability and mathematical genetics}
  ,editor = {N. Bingham and C. Goldie}
  ,PAGES = {379-395}
  ,YEAR = 2009
  ,publisher = {Cambridge University Press}
  ,address = {Cambridge, U.K.}
 }

 @ARTICLE{GrimmettLiggettRichthammer08
  ,AUTHOR = {Geoffrey R. Grimmett and Thomas M. Liggett and T. Richthammer}
  ,TITLE = {Percolation of Arbitrary Words in One Dimension}
  ,JOURNAL = {Random Structures and Algorithms}
  ,VOLUME = 31
  ,NUMBER = 1
  ,PAGES = {85-99}
  ,YEAR = 2010
 }

 @ARTICLE{GrinLee91
  ,AUTHOR = {G. Grinstein and D. H. Lee}
  ,TITLE = {Generic Scale Invariance and Roughening in Noisy Model
Sandpiles and Other Driven Interfaces}
  ,JOURNAL = {Physical Review Letters}
  ,VOLUME = 66
  ,NUMBER = {2}
  ,PAGES = {177-180}
  ,YEAR = 1991
 }

@article{HarNog75,
   author = "Harao, M. and Noguchi, Sh.",
   title =  "Fault tolerant cellular automata",
   journal = "Journal of Computer System Science",
   year = "1975",
   volume = "11",
   pages = "171-185"
   }
   
 @ARTICLE{HeJayGrin90
  ,AUTHOR = {He, Yu and Jayaprakash, C. and Grinstein, G.}
  ,TITLE = {Generic Nonergodic Behavior in Locally Interacting
Continuous Systems}
  ,JOURNAL = {Physical Review A}
  ,VOLUME = 42
  ,NUMBER = 6
  ,PAGES = {3348-3355}
  ,YEAR = 1990
 }

 @unpublished{HoffmanDependent01
  ,AUTHOR = {Christopher Hoffman}
  ,TITLE = {Phase transition in dependent percolation}
  ,YEAR = 2001
  ,INSTITUTION = {University of Washington}
  ,note = {Preprint}
 }

 @ARTICLE{HuetConflu80
  ,AUTHOR = {Gerard Huet}
  ,TITLE = {Confluent Reductions: Abstract Properties and Applications to
		  Term Rewriting Systems}
  ,JOURNAL = {J. of the Assoc. for Computing Machinery}
  ,VOLUME = 27
  ,NUMBER = 4
  ,MONTH = {October}		  
  ,PAGES = {797-821}
  ,YEAR = 1980
 }

@inproceedings{ItkisLevin94
   ,author = {Gene Itkis and Leonid A. Levin}
   ,title = "Fast and Lean Self-Stabilizing Asynchronous Protocols"
   ,booktitle = "Proc. of the IEEE Symp. on Foundations of
		  Computer Science"
   ,year = "1994"
   ,pages = "226-239"
   }

 @inproceedings{ItkisLevin06
  ,AUTHOR = {Gene Itkis and Leonid A. Levin} 
  ,TITLE = {Flat Holonomies on Automata Networks}
  ,booktitle = {Symposium on Theoretical Aspects of Computer Science}
  ,YEAR = {2006}
 }

@article{JimboMaruExp87
   ,author = "Jimbo, Shuji and Maruoka, Akira"
   ,title = "Expanders Obtained from Affine Transformations"
   ,journal = {Combinatorica}
   ,volume = 7
   ,year = 1987
   ,pages = {343-355}
   }

 @ARTICLE{JonassonMosselPeresPercDep00
  ,AUTHOR = {J. Jonasson and E. Mossel and Y. Peres}
  ,TITLE = {Percolation in a dependent random environment}
  ,JOURNAL = {Random Struct. Alg.}
  ,VOLUME = 16
  ,NUMBER = 4
  ,MONTH = {}		  
  ,PAGES = {333--343}
  ,YEAR = 2000
 }

@article{Justesen72
   ,author = "J. Justesen"
   ,title = {A Class of Constructive, Asymptotically-Good, Algebraic
Codes}
   ,journal = {IEEE Trans. Inform. Theory}
   ,volume = {IT-18}
   ,number = 5
   ,year = 1972
   ,pages = {652-656}
   }

@article{Justesen76
   ,author = "J. Justesen"
   ,title = {On the Complexity of Decoding {R}eed-{S}olomon Codes}
   ,journal = {IEEE Trans. Inform. Theory}
   ,volume = {IT-22}
   ,number = 2
   ,year = 1976
   ,month = {March}		 
   ,pages = {237-238}
   }

@Article{Kahale95,
title={Eigenvalues and Expansion of Regular Graphs},
author={Nabil Kahale},
pages={1091--1106},
area={Graph Theory and Combinatorial Structures},
journal=jacm,
month=sep,
year=1995,
volume=42,
number=5,
general-terms={Algorithms, Theory},
keywords={Eigenvalues, expander graphs, induced subgraphs, load
balancing, Ramanujan graphs, random walks, selection networks},
cr-categories={F.2.2; G.2.2},
preliminary={FOCS::Kahale1991, FOCS::Kahale1992},
source={http://theory.lcs.mit.edu/~jacm/jacm.bib}
}

@misc{KestenWinkler
,author={Peter Winkler}
,note={Personal communication.}
}

 @Article{KeyesLandauer70
  ,AUTHOR = {R.W. Keyes and R. Landauer}
  ,TITLE = {Minimal energy dissipation in logic}
  ,JOURNAL = {IBM J. Res. Develop.}
  ,VOLUME = {14}
  ,YEAR = {1970}
  ,PAGES = {152-157}
 }

@inproceedings{KimVu03
   ,author = {J. H. Kim and V. H. Vu}
   ,title = {Generating Random Regular Graphs}
   ,booktitle = {Proc. STOC'03}
   ,volume = {}
   ,year = 2003
   ,pages = {213--222}
   }

@article{Kurd78
   ,author = "Kurdyumov, G. L."
   ,title = "An Example of a Nonergodic Homogenous One-Dimensional Random 
Medium with Positive Transition Probabilities"
   ,journal = "Soviet Mathematical Doklady"
   ,volume = "19"
   ,number = "1"
   ,year = "1978"
   ,pages = "211-214"
   }

@article{Kuz73
   ,author = "Kuznetsov, A. V."
   ,title = "Information Storage in a Memory Assembled from Unreliable
Components"
   ,journal = "Problems of Information Transmission"
   ,volume = "9"
   ,number = "3"
   ,year = "1973"
   ,pages = "254-264"
   ,note= {Translated from Russian}
   }

 @BOOK{KwapienWoyc92
      ,AUTHOR = {Stanis\l aw Kwapie\'n and Wojbor A. Woyczy\'nsky}
      ,TITLE = "Random Series and Stochastic Integrals: Single and
		  Multiple"
      ,SERIES = {Probability and Its Applications}
      ,PUBLISHER = {Birkh\"auser}
      ,ADDRESS = {Boston}
      ,YEAR = {1992}
 }

 @article{Landauer61,
  AUTHOR = {R. Landauer},
  TITLE = {Irreversibility and heat generation in the computing
process},
  JOURNAL = {IBM J. Res. Develop.},
  MONTH = {July},
  PAGES = {183-191},
  YEAR = {1961},
 }

 @article{Landauer82,
  AUTHOR = {R. Landauer},
  JOURNAL = {Int. J. Theor. Phys.},
  VOLUME = {21},
  PAGES = {283},
  YEAR = {1982},
 }

 @BOOK{Lang65
      ,AUTHOR = {Lang, Serge}
      ,TITLE = {Algebra}
      ,PUBLISHER = {Addison-Wesley}
      ,ADDRESS = {Reading, Mass.}
      ,YEAR = {1965}
      ,NOTE = {(Addison-Wesley Series in Mathematics)}
 }

 @ARTICLE{LebMaesSpeer90
  ,AUTHOR = {Lebowitz, Joel L. and Maes, Christian and Speer, Eugene R.}
  ,TITLE  = {Statistical Mechanics of Stochastic Cellular Automata}
  ,JOURNAL = {Journal of Statistical Physics}
  ,VOLUME = 59
  ,PAGES = {117-170}
  ,YEAR = 1990
 }

@article{LemberMatzingerAnnals09,
   author = {J\"uri Lember and Heinrich Matzinger},
   title = {Standard Deviation of the Longest Subsequence},
   journal = {Annals of Probability},
   volume = 37,
   year = 2009,
   pages = {1192-1235}
   }

@inproceedings{LeigMaggsRout89
   ,author = {T. Leighton and B. Maggs}
   ,title = {Expanders Might Be Practical: Fast Routing around Faults on
		  Multibutterflies}
   ,booktitle = {Proc. IEEE Symp. on Foundations of Computer Science}
   ,volume = 30		  
   ,year = 1989
   ,pages = {384-389}
   }

 @ARTICLE{LevinCircular00
  ,AUTHOR = {Leonid A. Levin}
  ,TITLE = {Self-Stabilization of Circular Arrays of Automata}
  ,JOURNAL = {Theoretical Computer Science}
  ,VOLUME =  {235}
  ,number = 1
  ,PAGES = {143-144}
  ,YEAR = 2000
 }

 @BOOK{Liggett85
      ,AUTHOR = {Liggett , Thomas M.}
      ,TITLE = {Interacting Particle Systems}
      ,PUBLISHER = {Springer Verlag}
      ,ADDRESS = {New York}
      ,YEAR = {1985}
      ,SERIES = {Grundlehren der mathematischen Wissenschaften}
      ,VOLUME = 276		  
 }

 @article{LiggettContact95
      ,AUTHOR = "Liggett, Thomas M."
      ,TITLE = {Improved Upper Bounds for the Contact Process Critical
		  Value}
      ,journal = {Annals of Probability}
      ,volume = {23}
      ,NUMBER = {2}
      ,pages = {697-723}
      ,YEAR = {1990}
 }

 @Article{Likharev82
  ,AUTHOR = {K. Likharev}
  ,TITLE = {Classical and quantum limitations on energy consumption
on computation}
  ,JOURNAL = {Int'l J. Theoret. Physics}
  ,VOLUME = {21}
  ,PAGES = {311-326}
  ,YEAR = {1982}
 }

@article{LubPhilSarn88
   ,author = {Lubotski, A. and Phillips, R. and Sarnak, P.}
   ,title = {Ramanujan Graphs}
   ,journal = {Combinatorica}
   ,volume = 8
   ,number = 3
   ,year = 1988
   ,pages = {261-277}
   }

@article{LupanovCircUB58
   ,author = {O. B. Lupanov}
   ,title = {On a Method of Circuit Synthesis}
   ,journal = {Izvestia VUZ (Radiofizika)}
   ,volume = 1
   ,number = {}
   ,year = 1958
   ,pages = {120-140}
   ,note = {In Russian.}
   }

@article{Margulis74
   ,author = {Grigorii A. Margulis}
   ,title = {Explicit Construction of Concentrators}
   ,journal = {Problems of Inform. Transm.}
   ,volume = 9
   ,year = 1974
   ,pages = {71-80}
   }

@article{Margulis88
   ,author = {Grigorii A. Margulis}
   ,title = {Explicit Group-Theoretical Constructions of Combinatorial
		  Schemes and Their Application to the Design of Expanders
		  and Concentrators}
   ,journal = {Problems of Inform. Transm.}
   ,volume = 24
   ,year = 1988
   ,pages = {39-46}
   }

@INPROCEEDINGS{MicaliReyzinPhysically04,
   author = {Silvio Micali and Leo Reyzin},
   title = {Physically observable cryptography (extended abstract)},
   BOOKTITLE = {First Theory of Cryptography Conference (TCC)},
   series = {Lecture Notes in Computer Science 2951},
   editor={Moni Naor},
   year =  2004,
   publisher = {Springer-Verlag},
   pages = {278-296}
   }

 @BOOK{MsWillSloane77
      ,AUTHOR = {F.J. MacWilliams and N.J. Sloane}
      ,TITLE = {The Theory of Error-Correcting Codes}
      ,PUBLISHER = {North-Holland}
      ,ADDRESS = {Amsterdam}
      ,YEAR = {1977}
 }

@article{Miekisz90.1
   ,author = {Jacek Miekisz}
   ,title = {}
   ,journal = {Comm. Math. Phys.}
   ,volume = 134
   ,year = 1990
   ,pages = {647-651}
   }

@article{Miekisz90.2
   ,author = {Jacek Miekisz}
   ,title = {}
   ,journal = {J. Stat. Phys.}
   ,volume = 58
   ,year = 1990
   ,pages = {1137-1149}
   }

 @TECHREPORT{MitchellCrutchHrab93
  ,AUTHOR = {Mitchell, Melanie and Crutchfield, James and Hraber,
		  Peter T.}
  ,TITLE  = {Evolving Cellular Automata to Perform Computations:
		  Mechanisms and Impediments}
  ,INSTITUTION = {Santa Fe Institute}
  ,ADDRESS = {1660 Old Pecos Trail, Suite A, Santa Fe, NM 87501}
  ,YEAR = 1993
  ,NOTE = {Technical Report 93-11-071}
 }

 @BOOK{MotwaniRaghavan95
      ,AUTHOR = {R. Motwani and P. Raghavan}
      ,TITLE = {Randomized Algorithms}
      ,PUBLISHER = {Cambridge University Press}
      ,ADDRESS = {Cambridge, UK}
      ,YEAR = {1995}
 }

@article{ShannonCirc49
   ,author = {Claude Shannon}
   ,title = {The Synthesis of Two-Terminal Switching Circuits}
   ,journal = {Bell System Technical Journal}
   ,volume = 28
   ,year = 1949
   ,pages = {59-98}
   }

 @BOOK{Neveu64
      ,AUTHOR = {Jacques Neveu}
      ,TITLE = "Bases Mathematiques du Calcul des Probabilit\'es"
      ,PUBLISHER = {Masson et Cie}
      ,ADDRESS = {Paris}
      ,YEAR = {1964}
 }

@article{NishKob75
   ,author = "Nishio, H. and Kobuchi, Y."
   ,title = "Fault tolerant cellular spaces"
   ,journal = "Journal of Computer System Science"
   ,year = "1975"
   ,volume = "11"
   ,pages = "150-170"
   }

@article{OllingerRichard4states11
   ,author = "NIcholas Ollinger and Gaetan Richard"
   ,title = "Four States are Enough!"
   ,journal = "Theoretical Computer Science"
   ,year = 2011
   ,volume = 412
   ,number = {1-2}
   ,pages = {22-32}
   }

@article{Park93
   ,author = "Park, Kihong"
   ,title = "Warp Control: a Dynamically Stable Congestion Protocol
		  and its Analysis"
   ,journal = "Journal of High Speed Networks"
   ,year = "1993"
   ,volume = "2"
   ,number = {4}
   ,pages = "373-404"
   }

 @PHDTHESIS{ParkThes96
  ,AUTHOR = {Kihong Park}
  ,TITLE  = {Ergodicity and Mixing Rate of One-Dimensional Cellular 
		  Automata}
  ,SCHOOL = {Boston University}
  ,ADDRESS = {Boston, MA 02215}
  ,YEAR = 1996
  ,NOTE = { }
 }

@inproceedings{Pinsker73
   ,author = {Mark S. Pinsker}
   ,title = {On the Complexity of a Concentrator}
   ,BOOKTITLE = {International Teletraffic Congr.}
   ,year = 1973
   ,volume = 7
   ,pages = {318/1-318/4}
   }

 @ARTICLE{PippSuperconc77
  ,AUTHOR = {Nicholas Pippenger}
  ,TITLE  = {Superconcentrators}
  ,JOURNAL = {SIAM J. on Computing}
  ,VOLUME = 6
  ,PAGES = {298-304}
  ,YEAR = 1977
 }

@INPROCEEDINGS{PippRelBool85,
   author = "Pippenger, Nicholas",
   title = "On Networks of Noisy Gates",
   BOOKTITLE = "Proc. of the 26-th IEEE FOCS Symposium",
   year =  1985,
   pages = "30-38"
   }

 @INCOLLECTION{PippMaj89
 ,AUTHOR = {Nicholas Pippenger}
 ,TITLE = {Analysis of Error Correction by Majority Voting}
 ,BOOKTITLE= {Randomness in Computation}
 ,SERIES = {Advances in Computing Research (a scientific annual)}
 ,VOLUME = 5
 ,EDITOR = {Silvio Micali}
 ,PUBLISHER = {JAI Press}
 ,ADDRESS = {Greenwich, Conn.}
 ,YEAR = {1989}
 ,PAGES = {171-198}
 }

@INPROCEEDINGS{PippSelfRout93,
   author = "Pippenger, Nicholas",
   title = {Self-Routing Superconcentrators},
   BOOKTITLE = "Proc. of the 25-th ACM STOC Symposium",
   year =  1993,
   pages = "355-361"
   }

 @ARTICLE{PippOrty91
  ,AUTHOR = {Nicholas Pippenger and G. D. Stamoulis and J. N. Tsitsiklis}
  ,TITLE  = {On a Lower Bound for the Redundancy of Reliable Networks with
Noisy Gates}
  ,JOURNAL = {IEEE Trans.\ Inform.\ Theory}
  ,VOLUME = 37
  ,number = 3
  ,PAGES = {639-643}
  ,YEAR = 1991
 }

 @ARTICLE{PippInvar89
  ,AUTHOR = {Pippenger, Nicholas}
  ,TITLE  = {Invariance of Complexity Measures for Networks with Unreliable 
Gates}
  ,JOURNAL = {Journal of the Association for Computing Machinery}
  ,VOLUME = 36
  ,NUMBER = 3
  ,PAGES = {531-539}
  ,YEAR = 1989
 }

 @inproceedings{PippICM86
  ,AUTHOR = {Pippenger, Nicholas}
  ,TITLE  = {Reliable Computation in the Presence of Noise} 
  ,booktitle = {Proceedings of the International Congress of
Mathematicians} 
  ,address= {Berkeley, CA}
  ,YEAR = 1986 
  ,pages = {1469-1477}
 }

 @inproceedings{PippNeum88
  ,AUTHOR = {Pippenger, Nicholas}
  ,TITLE  = {Developments in ``the Synthesis of Reliable Organisms
from Unreliable Components''} 
  ,booktitle = {The Legacy of John von Neumann} 
  ,editor = {James Glimm and John Impagliazzo and Isadore Singer}
  ,address= {Hempstead, NY}
  ,YEAR = 1988
  ,pages = {311-324}
  ,publisher = {American Mathematical Society}
  ,note = {Proceedings of Symposia in Pure Mathematics, Vol 50}
 }

 @TECHREPORT{PippDworkEtc88,
  AUTHOR = "Dwork, Cynthia and Peleg, David and Pippenger, Nicholas 
 and Upfal, Eli",
  TITLE  = "Fault Tolerance in Networks of Bounded Degree",
  INSTITUTION = "IBM Almaden Research Center", 
  ADDRESS = "San Jose, CA 95120",
  YEAR = 1988,
  NOTE = "Preprint."
 }

 @ARTICLE{PippStamTsit91
   ,author = {Nicholas Pippenger and G. D. Stamoulis and J. N. Tsitsiklis}
   ,title = {On a Lower Bound for the Redundancy of Reliable Networks with
Noisy Gates} 
   ,journal = {IEEE Trans. Inform. Theory}
   ,volume = {37}
   ,number = 3		  
   ,year =  1991
   ,pages = {639-643}
   }

 @ARTICLE{Radin87
   ,author = {Charles Radin}
   ,title = {Low Temperature And the Origin of Crystalline Symmetry}
   ,journal = {Intl. J. Mod. Phys. B}
   ,volume = {1}
   ,year =  1987
   ,pages = {1157-1191}
   ,note = {on non-periodic Gibbs states}
   }

 @ARTICLE{Radin91
   ,author = {Charles Radin}
   ,title = {Global Order from Local Sources}
   ,journal = {Bull. Amer. Math. Soc.}
   ,volume = {25}
   ,year =  1991
   ,pages = {335-364}
   }

 @ARTICLE{ReimerBK00
   ,author = {D. Reimer}
   ,title = {Proof of the Van den {B}erg-{K}esten Conjecture}
   ,journal = {Combinatorics, Probability and Computing}
   ,volume = {9}
   ,number = 1
   ,year =  2000
   ,pages = {27--31}
   }

 @INPROCEEDINGS{ReischSchm91
   ,author = {Reischuk, R\"udiger and Schmeltz, B.}
   ,title = {Reliable Computation with Noisy Circuits and Decision
Trees---A General $n\log n$ Lower Bound}
   ,BOOKTITLE = {Proc. of the 32-nd IEEE FOCS Symposium}
   ,year =  1991
   ,pages = {602-611}
   }

 @INPROCEEDINGS{RomashReli06
   ,author = {Romashchenko, Andrei}
   ,title = {Reliable Computation Based on Locally Decodable Codes}
   ,BOOKTITLE = {Proc. of STACS}
   ,series = {Lecture Notes in Computer Science 3884}
   ,year =  2006
   ,editor = {B. Durand and W. Thomas}
   ,publisher = {Springer Verlag}
   ,address = {Berlin, Heidelberg}
   ,pages = {537-548}
   }

 @book{Sinai82
   ,author = {Yaakov G. Sinai}
   ,title = {Theory of Phase Transitions: Rigorous Results}
   ,year = 1982
   ,publisher = {Akademiai Kiado, Pergamon Press}
   ,address = {Budapest, London}
  }
		  
 @ARTICLE{SinclairJerrumPerm89
   ,author = {Alistair Sinclair and Mark Jerrum}
   ,title = {Approximating the Permanent}
   ,journal = {SIAM Journal of Computing}
   ,volume = 18
   ,number = 6		  
   ,year =  1989
   ,pages = {1149-1178}
   }

 @article{SipserSpielmanExp96
   ,author = {Michael Sipser and Spielman, Daniel A.}
   ,title = {Expander Codes} 
   ,journal = {IEEE Trans. Inform. Theory}
   ,volume = 42
   ,number = 6
   ,year =  1996
   ,pages = {1710-1722}
   }		
		  
 @INPROCEEDINGS{SpielmanLin95
   ,author = {Spielman, Daniel A.}
   ,title = {Linear-Time Encodable and Decodable Error-Correcting
		  Codes} 
   ,BOOKTITLE = {Proc. of the 27th ACM STOC Symposium}
   ,year =  1995
   ,pages = {388-397}
   }

 @INPROCEEDINGS{SpielmanFTPrl96
   ,author = {Spielman, Daniel A.}
   ,title = {Highly Fault-Tolerant Parallel Computation} 
   ,BOOKTITLE = {Proc. of the 37th IEEE FOCS Symposium}
   ,year =  1996
   ,pages = {154-163}
   }

@article{Tay68
   ,author = "Taylor, M.G."
   ,title = "Reliable Information Storage in Memories Designed from
Unreliable Components"
   ,journal = "Bell System Tech. J."
   ,year = "1968"
   ,volume = "47"
   ,number = 10
   ,pages = "2299-2337"
   }

 @conference{Toffoli80
  ,AUTHOR = {Tommaso Toffoli}
  ,TITLE = {Reversible computing}
  ,BOOKTITLE = {7th Int'l Colloquium Automata, Languages, and
Programming}
  ,SERIES = {Lecture Notes in Computer Science}
  ,VOLUME = {85}
  ,PUBLISHER = {Springer Verlag}
  ,ADDRESS = {Berlin}
  ,YEAR = {1980}
  ,PAGES = {632-644}
 }

 @book{TofMarg87,
      AUTHOR = "Toffoli, Tommaso and Margolus, Norman",
      TITLE = "Cellular Automata Machines",
      PUBLISHER = "MIT Press",
      ADDRESS = "Cambridge, MA.",
      YEAR = 1987
      }

@article{ToomMon76
   ,author = "Andrei L. Toom"
   ,title = "Monotone Binary Cellular Automata"
   ,journal = "Problems of Information Transmission"
   ,year = 1976
   ,volume = 12
   ,number = 1
   ,pages = {33-37}
   ,note = {Translation from Russian}		  
   }

 @INCOLLECTION{Toom80
  ,AUTHOR = "Andrei L.~Toom"
  ,TITLE = "Stable and Attractive Trajectories in Multicomponent
Systems"
  ,BOOKTITLE= "Multicomponent Systems"
  ,SERIES = "Advances in Probability"
  ,VOLUME = 6
  ,EDITOR = "R. L. Dobrushin"
  ,PUBLISHER = "Dekker"
  ,ADDRESS = "New York"
  ,YEAR = "1980"
  ,PAGES = "549-575"
  ,NOTE = "Translation from Russian" 
 }

 @INCOLLECTION{ToomProblems95
  ,AUTHOR = "Andrei L.~Toom"
  ,TITLE  = "Cellular Automata with Errors: Problems for Students of
		  Probability"
  ,BOOKTITLE= "Topics in Contemporary Probability and its
		  Applications"
  ,SERIES = {Probability and Stochastic Series}
  ,EDITOR = "J.~Laurie Snell"
  ,PUBLISHER = "CRC Press"
  ,ADDRESS = "Boca Raton, FL"
  ,YEAR = "1995"
  ,PAGES = "117-157"
 }

 @INCOLLECTION{Tsir77
  ,AUTHOR = {Boris~S.~Tsirel'son}
  ,TITLE = {Reliable Information Storage in a System of Locally
Interacting Unreliable Elements}
  ,BOOKTITLE= {Interacting Markov Processes in Biology}
  ,EDITOR = {R.~L.~Dobrushin, V.~I.~Kryukov and A.~L.~Toom}
  ,PUBLISHER = {Scientific Centre of Biological Research}
  ,ADDRESS = {Pushchino}
  ,YEAR = {1977}
  ,PAGES = {24-38}
  ,NOTE = {In Russian.  Translation by Springer.}
 }

 @inproceedings{Uhlig87
  ,AUTHOR = {D. Uhlig}
  ,TITLE  = {Reliable Networks from Unreliable Gates with Almost Minimal
		  Complexity}  
  ,booktitle = {FCT}
  ,volume = 6		  
  ,publisher = {Springer Verlag}
  ,address= {New York}
  ,YEAR = 1987
  ,pages = {462-469}	  
 }

 @inproceedings{Ulam62
  ,AUTHOR = {Stanislav Ulam}
  ,TITLE = {On Some Mathematical Problems Connected with Mathematical Growth of Figures}
  ,BOOKTITLE= {Proc. Symp. Appl. Math.}
  ,volume = 14
  ,YEAR = 1962
  ,PAGES = {264-275}
 }


 @inproceedings{Vichn85
  ,AUTHOR = {Vichniac, G\'erard}
  ,TITLE  = {Cellular Automata Models of Disorder and Organization} 
  ,booktitle = {Disordered Systems and Biological Organization}
  ,publisher = {Springer Verlag}
  ,address= {Les Houches}
  ,YEAR = 1985
  ,month= feb
 }

 @TECHREPORT{VonNeumannEDVAC45
  ,AUTHOR = "von Neumann, John"
  ,TITLE  = "First Draft of a Report on the {EDVAC}"
  ,INSTITUTION = "University of Pennsylvania Moore School of Engineering"
  ,ADDRESS = "Philadelphia"
  ,YEAR = 1945
 }

 @INCOLLECTION{VonNeum56,
      AUTHOR = "von Neumann, John",
      TITLE = "Probabilistic Logics and the Synthesis 
        of Reliable Organisms from Unreliable Components",
      BOOKTITLE= "Automata Studies",
      EDITOR = "C. Shannon and McCarthy",
      PUBLISHER = "Princeton University Press",
      ADDRESS = "Princeton, NJ.",
      YEAR = "1956"
      }

 @BOOK{NeumannBurks66
      ,AUTHOR = {von Neumann, John}
      ,TITLE = "The Theory of Self-Reproducing Automata"
      ,PUBLISHER = {University of Illinois Press}
      ,ADDRESS = {Urbana, IL}
      ,YEAR = {1966}
      ,NOTE = {Edited by A. Burks}
 }

 @book{vonNeumann63
  ,AUTHOR = {John von Neumann}
  ,TITLE = {Collected Works}
  ,EDITOR = {A.H. Traub}
  ,VOLUME = {5}
  ,ADDRESS = {New York}
  ,PUBLISHER = {MacMillan}
  ,YEAR = {1963}
 }

 @ARTICLE{Vichn86
  ,AUTHOR = {G\'erard Y. Vichniac and Pablo Tamayo and Hyman Hartman}
  ,TITLE  = {Annealed and Quenched Inhomogenous Cellular Automata}
  ,JOURNAL = {Journal of Statistical Physics}
  ,VOLUME = 45
  ,number = {5/6}
  ,PAGES = {875-883}
  ,YEAR = 1986
 }

  @PHDTHESIS{Wang90
   ,author = "Wang, Weiguo"
   ,title = "An Asynchronous Two-Dimensional Self-Correcting Cellular
Automaton"
   ,SCHOOL = "Boston University"
   ,YEAR = 1990
   ,ADDRESS = "Boston, MA 02215"
   ,note={Short version: {\em Proc. 32nd IEEE Symposium on the Foundations
of Computer Science}, 1991.}
   }

 @article{WinklerCperc99
  ,AUTHOR = {Peter Winkler}
  ,TITLE  = {Dependent Percolation and Colliding Random Walks}
  ,journal = {Random Structures \& Algorithms}
  ,volume = 16
  ,number = 1
  ,YEAR = 2000
  ,pages = {58--84}
  ,NOTE = {}
 }

 @INPROCEEDINGS{ZyPin71
   ,author = "Zyablov, V. V. and Pinsker, M. S."
   ,title = "Correcting Properties and Decoding Complexity of Codes
with a Small Number of ones in the Check Matrix"
   ,BOOKTITLE = "Second Internat. Sympos. Information Theory, Abstracts"
   ,year =  1971
   ,address = {Yerevan, Moscow}
   ,pages = ""
   ,note = {In Russian}
   }

