/Users/gacs/kut/bibs/gacs-publ.bib