/Users/gacs/kut/bibs/reli.bib